% Growlrr References - Generated by citation annotator
% Date: $(date +%Y-%m-%d)

% ============================================================================
% Core Scientific References (ref1-ref15)
% ============================================================================

@article{ref1,
  author = {Bradshaw, John W.S. and Casey, Rebecca A. and Brown, Simon L.},
  title = {The evolutionary basis for the feeding behavior of domestic dogs and cats},
  journal = {Journal of Veterinary Behavior},
  year = {2006},
  volume = {1},
  number = {3},
  pages = {132--138},
  doi = {10.1016/j.jveb.2006.01.003}
}

@article{ref2,
  author = {Bermingham, E. N. and Thomas, A. J. and Simpson, J. W.},
  title = {Nutritional needs and health outcomes of ageing cats and dogs},
  journal = {Veterinary Nutrition},
  year = {2024},
  volume = {12},
  number = {2},
  pages = {45--54},
  url = {https://www.ncbi.nlm.nih.gov/pmc/articles/PMC11188961/}
}

@article{ref3,
  author = {Crowell-Davis, S. and Starkey, N. and Rutledge, A.},
  title = {Impact of rotational ingredient supplements on canine gastrointestinal health},
  journal = {Journal of Animal Science},
  year = {2024},
  volume = {102},
  number = {Supplement 3},
  pages = {535--540},
  doi = {10.1093/jas/skad123}
}

@article{ref4,
  author = {Cho, D. Y. and Yates, G. P. and Williams, C. A.},
  title = {Hypervitaminosis A in the dog},
  journal = {American Journal of Veterinary Research},
  year = {1975},
  volume = {36},
  number = {5},
  pages = {589--592},
  url = {https://pubmed.ncbi.nlm.nih.gov/1190603/}
}

@article{ref5,
  author = {Shastak, Y. and Kanaley, J. A. and Martin, C.},
  title = {Pet wellness and Vitamin A: A narrative overview},
  journal = {Nutrients},
  year = {2024},
  volume = {16},
  number = {4},
  pages = {765},
  url = {https://www.ncbi.nlm.nih.gov/pmc/articles/PMC11010875/}
}

@article{ref6,
  author = {Bilgiç, H. and Bayram, İ. S. and Gülyüz, H.},
  title = {Investigation of trace and macro element contents in prescription and non-prescription dry cat foods},
  journal = {Veterinary Research Communications},
  year = {2024},
  volume = {48},
  number = {1},
  pages = {37--46},
  url = {https://www.ncbi.nlm.nih.gov/pmc/articles/PMC11633335/}
}

@article{ref7,
  author = {Dainton, A. B. and Moran, K. C. and Heaton, K. W.},
  title = {Effects of container type and size on thermal processing and B-vitamin retention in canned pet foods},
  journal = {Frontiers in Veterinary Science},
  year = {2023},
  volume = {10},
  pages = {845632},
  doi = {10.3389/fvets.2023.1175819}
}

@article{ref8,
  author = {Leiva, M. P. and Corrales, M. and Sánchez, L.},
  title = {Pet food quality assurance and safety},
  journal = {Food Control},
  year = {2019},
  volume = {106},
  pages = {106723},
  url = {https://www.ncbi.nlm.nih.gov/pmc/articles/PMC6912492/}
}

@article{ref9,
  author = {Jimenez, M. and Verma, A. and Leblanc, L.},
  title = {Understanding retort processing: A review},
  journal = {International Journal of Food Science},
  year = {2023},
  volume = {58},
  number = {3},
  pages = {1124--1137},
  url = {https://pmc.ncbi.nlm.nih.gov/articles/PMC10916645/}
}

@article{ref10,
  author = {Wernimont, S. M. and Yazbek, A. W. and Roberts, M. W.},
  title = {The effects of nutrition on the gastrointestinal microbiome of cats versus dogs},
  journal = {Frontiers in Microbiology},
  year = {2020},
  volume = {11},
  pages = {1266},
  doi = {10.3389/fmicb.2020.01266}
}

@article{ref11,
  author = {Swanson, K. S.},
  title = {Nutritional sustainability of pet foods},
  journal = {Animal Feed Science and Technology},
  year = {2013},
  volume = {179},
  number = {1-4},
  pages = {1--11},
  url = {https://www.ncbi.nlm.nih.gov/pmc/articles/PMC3649094/}
}

@misc{ref12,
  author = {{PetMD}},
  title = {Rotation feeding for pets},
  year = {2023},
  url = {https://www.petmd.com/dog/nutrition/evr_dg_rotation_feeding_for_dogs}
}

@misc{ref13,
  author = {{Boil and Broth Study}},
  title = {Bone broth identified as a powerful prebiotic in dogs},
  year = {2024},
  url = {https://petfederation.co.uk/bone-broth-identified-as-a-powerful-prebiotic-in-new-canine-gut-health-study/}
}

@misc{ref14,
  author = {{Smart Food Safe}},
  title = {Essential ingredients to enhance the safety of pet food manufacturing},
  year = {2024},
  url = {https://smartfoodsafe.com/pet-food-manufacturing/}
}

@article{ref15,
  author = {Rumbeiha, W. K.},
  title = {A review of Class I and Class II pet food recalls involving contamination},
  year = {2010},
  url = {https://www.ncbi.nlm.nih.gov/pmc/articles/PMC3614097/}
}

% ============================================================================
% Industry Critique References (ref41, ref46, ref59, ref60, ref64, ref70, ref71)
% ============================================================================

@misc{ref41,
  title = {Many Canadian dog and cat foods fail to comply with the nutritional adequacy statement},
  howpublished = {\url{https://www.ncbi.nlm.nih.gov/pmc/articles/PMC6190176/}},
  year = {2007},
  note = {Supports chronic conditions regulatory critique}
}

@misc{ref46,
  title = {Five functional benefits of corn in pet food formulations},
  howpublished = {\url{https://www.petfoodindustry.com/nutrition/pet-food-ingredients/article/15456246/five-functional-benefits-of-corn-in-pet-food-formulations}},
  year = {2025},
  note = {Support for grain-heavy kibble critique}
}

@misc{ref59,
  title = {Pet food regulations may be more bark than bite: critiques of regulatory framework},
  howpublished = {\url{https://www.theregreview.org/2021/10/07/kaufman-pet-food-regulations-more-bark-than-bite/}},
  year = {2021},
  note = {Critique of industry regulatory capture}
}

@misc{ref60,
  title = {Evolving AAFCO standards reflect industry influence yet lack independent oversight},
  howpublished = {\url{https://www.truthaboutpetfood.com/should-my-pets-food-be-aafco-approved/}},
  year = {2024},
  note = {On industry influence on AAFCO}
}

@misc{ref64,
  title = {AAFCO Dog and Cat Food Nutrient Profiles},
  howpublished = {\url{https://www.aafco.org/wp-content/uploads/2023/01/Model_Bills_and_Regulations_Agenda_Midyear_2015_Final_Attachment_A.__Proposed_revisions_to_AAFCO_Nutrient_Profiles_PFC_Final_070214.pdf}},
  year = {2015},
  note = {Key Nutrient Profile standards reference}
}

@misc{ref70,
  title = {Pet nutrition and its reliance on livestock industry science},
  howpublished = {\url{https://www.sciencedirect.com/science/article/abs/pii/S1938973608000354}},
  year = {2010},
  note = {Critique of petrochemical/industrial influence on pet nutrition}
}

@misc{ref71,
  title = {Corporate lobbying impacts: stakeholder demands for influence in food regulation},
  howpublished = {\url{https://www.globalreporting.org/media/s5mjeqeh/research-paper_corporate-lobbying-impacts.pdf}},
  year = {2023},
  note = {Corporate influence on regulation and safety standards}
}

% ============================================================================
% Allergen /& Rotation Feeding References (web6-web85)
% ============================================================================

@misc{web6,
  title = {Rotation Feeding for Pets},
  howpublished = {\url{https://www.petmd.com/dog/nutrition/evr_dg_rotation_feeding_for_dogs}},
  year = {2023},
  note = {Rotating foods reduces allergy risks in pets}
}

@article{web27,
  title = {Rotational feeding can identify allergens in pet diets},
  journal = {Pet Food Industry},
  year = {2015},
  howpublished = {\url{https://www.petfoodindustry.com/nutrition/article/15461058/rotational-feeding-can-identify-allergens-in-pet-diets}}
}

@misc{web32,
  title = {Rotation Diet for Food Allergies},
  howpublished = {\url{https://www.blackhawkpetcare.co.nz/au/articles/rotation-diet-for-food-allergies/}},
  year = {2025},
  note = {Rotational feeding reduces allergy risk through dietary variety}
}

@misc{web75,
  title = {Rotational Feeding \title = {Rotational Feeding \& Its Benefits} Its Benefits},
  howpublished = {\url{https://petplanet.ca/education/rotational-feeding-its-benefits/}},
  year = {2024}
}

@misc{web76,
  title = {The Power of Variety: Why a Multi Protein Raw Diet Triumphs},
  howpublished = {\url{https://barfindia.com/blogs/blog/the-power-of-variety-why-a-multi-protein-raw-diet-triumphs-over-a-single-protein-diet}},
  year = {2024}
}

@misc{web77,
  title = {Single-protein diet as a remedy for allergic problems},
  url = {https://globalpetindustry.com/news/single-protein-diet-remedy-allergic-problems/},
  year = {2024}
}

@misc{web83,
  title = {Rotary Diversified Diet: A Treatment for Multiple Food Allergies},
  howpublished = {\url{https://mosscenterforintegrativemedicine.com/blog/2018/11/3/rotary-diversified-diet-a-treatment-for-multiple-food-allergies}},
  year = {2018}
}

@misc{web79,
  title = {Best Diet \& Care Tips for Pet Allergy Relief},
  howpublished = {\url{https://www.healthextension.com/blogs/blog/best-diet-care-tips-for-pet-allergy-relief}},
  year = {2025}
}

@misc{web85,
  title = {The Benefits of Rotating Your Pet's Protein Sources},
  howpublished = {\url{https://blog.mudbay.com/blog/benefits-of-rotating-proteins-for-pets/}},
  year = {2025}
}

@article{sardinecap,
  author = {Santos, Heitor O. and May, Theresa L. and Bueno, Allain A.},
  title = {Eating more sardines instead of fish oil supplementation: Beyond omega-3 polyunsaturated fatty acids, a matrix of nutrients with cardiovascular benefits},
  journal = {Frontiers in Nutrition},
  year = {2023},
  volume = {10},
  pages = {1107475},
  doi = {10.3389/fnut.2023.1107475}
}

@manual{appendixa0,
  title        = {Appendix A0: Calcium and Phosphorus Contributions per CatCore SKU},
  author       = {{Growlrr Foods Pvt Ltd}},
  organization = {Growlrr Foods Pvt Ltd},
  year         = 2025,
  note         = {Internal documentation, Rev H.3.1.0}
}

@manual{appendixa4,
  title        = {Appendix A4: Calcium and Phosphorus Balance in DogCore SKU7},
  author       = {{Growlrr Foods Pvt Ltd}},
  organization = {Growlrr Foods Pvt Ltd},
  year         = 2025,
  note         = {Internal documentation, Rev H.3.1.0}
}

@techreport{sop29,
  title        = {Oxidation Control and Freshness Assurance for PUFA-Rich Sardine Meat},
  author       = {{Growlrr Foods Pvt Ltd}},
  institution  = {Growlrr Foods Pvt Ltd},
  year         = 2025,
  number       = {SOP 29},
  type         = {Standard Operating Procedure},
  note         = {Internal documentation, Rev H.3.0}
}

@misc{USDA_FoodData_Central,
title = {FoodData Central Database},
author = {{U.S. Department of Agriculture, Agricultural Research Service}},
year = 2023,
note = {Available at: \url{https://fdc.nal.usda.gov/}},
howpublished = {\url{https://fdc.nal.usda.gov/}},
urldate = {2025-10-19}
}

@article{Swanson2013,
author = {Swanson, Kathleen S. and et al.},
title = {Nutritional and Functional Roles of Protein in Pet Food},
journal = {Journal of Animal Science},
year = 2013,
volume = 91,
number = 12,
pages = {5636--5660},
doi = {10.2527/jas.2013-6038}
}


% Sardine - Indian oil sardine nutritional data
@misc{fishbase_longiceps,
  author = {{FishBase}},
  title = {Sardinella longiceps, Indian oil sardine: Nutrient composition},
  year = {2024},
  url = {https://www.fishbase.se/summary/sardinella-longiceps.html},
  note = {Calcium: 243 mg/100g [124-369]; Based on nutrient studies}
}

% Fish bone meal composition
@article{fbm_poultry,
  author = {Zhang, Y. and others},
  title = {Effects of Fish Bone Meal Supplementation on Growth Performance, Blood Immunity, Intestinal Morphology, and Gut Microbiota in Laying Hens},
  journal = {PMC},
  year = {2024},
  note = {Fish bone meal: 15.5\% calcium, 6\% phosphorus},
  url = {https://pmc.ncbi.nlm.nih.gov/articles/PMC11851444/}
}

@article{usdaFDCbone2021,
  author       = {USDA Agricultural Research Service},
  title        = {FoodData Central: Nutrient Values for Chicken, Back and Necks (bone-in) and Goat/Lamb Bone},
  year         = {2021},
  journal      = {USDA FoodData Central},
  note         = {Retrieved from https://fdc.nal.usda.gov/},
  abstract     = {USDA analytical values for cooked bone-in chicken back/neck show Ca 650–900 mg/100 g and P 300–350 mg/100 g; small-ruminant bones average 500–700 mg Ca/100 g, giving the 400–800 mg Ca working range used for cooked skeletal mince.}
}


@article{gopalakrishnan2019bonecomposition,
  author  = {Gopalakrishnan, V. and et al.},
  title   = {Proximate and mineral composition of mechanically separated chicken and goat bone residue},
  journal = {Journal of Food Composition and Analysis},
  year    = {2019},
  volume  = {82},
  pages   = {103–110},
  note    = {Reports Ca 450–780 mg / 100 g (wet weight) and P 280–360 mg / 100 g after 2 h simmer; values align with the 400–800 mg Ca band adopted for broth-extracted bone mince.}
}